<record><leader>00000cas a2200000 a 4500</leader><controlfield tag="001">36020978</controlfield><controlfield tag="008">961202d18591864miuwr ne      0    0eng c</controlfield><datafield ind1=" " ind2=" " tag="010"><subfield code="a">sn 96077307 </subfield></datafield><datafield ind1=" " ind2=" " tag="040"><subfield code="a">MHN</subfield><subfield code="b">eng</subfield><subfield code="c">MHN</subfield><subfield code="d">OCL</subfield><subfield code="d">OCLCQ</subfield><subfield code="d">OCLCF</subfield><subfield code="d">OCLCO</subfield><subfield code="d">OCLCA</subfield></datafield><datafield ind1="1" ind2=" " tag="029"><subfield code="a">AU@</subfield><subfield code="b">000012971738</subfield></datafield><datafield ind1=" " ind2=" " tag="042"><subfield code="a">pcc</subfield></datafield><datafield ind1=" " ind2=" " tag="043"><subfield code="a">n-us-mi</subfield></datafield><datafield ind1="0" ind2="4" tag="245"><subfield code="a">The Muskegon reporter.</subfield></datafield><datafield ind1=" " ind2=" " tag="260"><subfield code="a">Muskegon, Mich. :</subfield><subfield code="b">F.B. Lee &amp; Co.</subfield></datafield><datafield ind1=" " ind2=" " tag="300"><subfield code="a">v.</subfield></datafield><datafield ind1=" " ind2=" " tag="310"><subfield code="a">Weekly</subfield></datafield><datafield ind1="0" ind2=" " tag="362"><subfield code="a">Vol. 1, no. 1 (Apr. 28, 1859)-</subfield></datafield><datafield ind1="1" ind2=" " tag="362"><subfield code="a">Ceased in Oct. 1864.</subfield></datafield><datafield ind1=" " ind2=" " tag="580"><subfield code="a">Merged with: Muskegon weekly news, to form: News and reporter (Muskegon, Mich. : 1865).</subfield></datafield><datafield ind1=" " ind2="0" tag="651"><subfield code="a">Muskegon (Mich.)</subfield><subfield code="v">Newspapers.</subfield></datafield><datafield ind1=" " ind2="0" tag="651"><subfield code="a">Muskegon County (Mich.)</subfield><subfield code="v">Newspapers.</subfield></datafield><datafield ind1=" " ind2="7" tag="655"><subfield code="a">Newspapers.</subfield><subfield code="2">fast</subfield><subfield code="0">(OCoLC)fst01423814</subfield></datafield><datafield ind1=" " ind2="7" tag="651"><subfield code="a">Michigan</subfield><subfield code="z">Muskegon.</subfield><subfield code="2">fast</subfield><subfield code="0">(OCoLC)fst01202917</subfield></datafield><datafield ind1=" " ind2="7" tag="651"><subfield code="a">Michigan</subfield><subfield code="z">Muskegon County.</subfield><subfield code="2">fast</subfield><subfield code="0">(OCoLC)fst01210800</subfield></datafield><datafield ind1=" " ind2=" " tag="752"><subfield code="a">United States</subfield><subfield code="b">Michigan</subfield><subfield code="c">Muskegon</subfield><subfield code="d">Muskegon.</subfield></datafield><datafield ind1="1" ind2="7" tag="785"><subfield code="t">Muskegon weekly news</subfield><subfield code="w">(DLC)sn 85026522</subfield><subfield code="w">(OCoLC)12264779</subfield></datafield><datafield ind1="1" ind2="7" tag="785"><subfield code="t">News and reporter (Muskegon, Mich. : 1865)</subfield></datafield></record>